@misc{martino2019integrated,
  title={Integrated Nested {L}aplace Approximations ({INLA})}, 
  author={Sara Martino and Andrea Riebler},
  year={2019},
  eprint={1907.01248},
  archivePrefix={arXiv},
  primaryClass={stat.CO}
}

@article{rue2009approximate,
  title={Approximate {B}ayesian inference for latent Gaussian models by using integrated nested {L}aplace approximations},
  author={Rue, H{\aa}vard and Martino, Sara and Chopin, Nicolas},
  journal={Journal of the royal statistical society: Series b (statistical methodology)},
  volume={71},
  number={2},
  pages={319--392},
  year={2009},
  publisher={Wiley Online Library}
}

@article{tierney1986accurate,
  title={Accurate approximations for posterior moments and marginal densities},
  author={Tierney, Luke and Kadane, Joseph B},
  journal={Journal of the American Statistical Association},
  volume={81},
  number={393},
  pages={82--86},
  year={1986},
  publisher={Taylor \& Francis}
}